%% -*- encoding: utf-8 -*-
@article{yang2016intelligent,
  title={Intelligent CPS: features and challenges},
  author={Yang, Gang and Zhou, Xingshe},
  journal={Science},
  volume={5},
  pages={003},
  year={2016}
}

@InProceedings{tao:cps,
  author =       {{Yang,Gang} and {Guan, Tao}},
  title =        {Integration-oriented modeling of cyber-physical interactive process},
  date = 2013,
  booktitle= { Proceedings - 2013 IEEE International Conference on Green Computing and Communications and IEEE Internet of Things and IEEE Cyber, Physical and Social Computing, GreenCom-iThings-CPSCom 2013},
  pages = {1492-1495},
  doi = {10.1109/GreenCom-iThings-CPSCom.2013.263},
  url = {http://ieeexplore.ieee.org/stamp/stamp.jsp?tp=&arnumber=6682275&isnumber=6682013},
  addendum = {\textit{EI:20140717310475}},
}

@article{zhang2013high,
  title={HIGH FIDELITY VIRTUALIZATION OF CYBER-PHYSICAL SYSTEMS},
  author={ZHANG, YU and XIE, FEI and DONG, YUNWEI and YANG, GANG and ZHOU, XINGSHE},
  journal={International Journal of Modeling, Simulation, and Scientific Computing},
  volume={4},
  number={02},
  year={2013},
  publisher={World Scientific}
}

@inproceedings{guan2013integration,
  title={Integration-Oriented Modeling of Cyber-physical Interactive Process},
  author={Guan, Tao and Yang, Gang},
  booktitle={Green Computing and Communications (GreenCom), 2013 IEEE and Internet of Things (iThings/CPSCom), IEEE International Conference on and IEEE Cyber, Physical and Social Computing},
  pages={1492--1495},
  year={2013},
  organization={IEEE}
}

@article{周兴社2014信息,
  title={信息-物理融合系统动态行为模型构建方法},
  author={周兴社 and 杨亚磊 and 杨刚},
  journal={计算机学报},
  volume={37},
  number={6},
  pages={1411--1423},
  year={2014}
}

@inproceedings{yang2012design,
  title={The design and implementation of BAM based on event-driven technology},
  author={Yang, Gang and Guan, Tao},
  booktitle={Global High Tech Congress on Electronics (GHTCE), 2012 IEEE},
  pages={29--32},
  year={2012},
  organization={IEEE}
}

@article{詹涛2011一种可信的服务组合,
  title={一种可信的服务组合 QoS 保障机制},
  author={詹涛 and 周兴社 and 杨刚 and 王凯博},
  journal={小型微型计算机系统},
  volume={32},
  number={3},
  pages={385--389},
  year={2011}
}

@article{gang2009sui,
  title={SUI Yu-lei Computer College of Northwestern Polytechnic University, Xi’an 710072, China; Adaptive approach to monitor resource for cloud computing platform [J]},
  author={Gang, YANG},
  journal={Computer Engineering and Applications},
  volume={29},
  year={2009}
}

@incollection{zhang2005ibp,
  title={IBP: An index-based XML parser model},
  author={Zhang, Haihui and Zhou, Xingshe and Gang, Yang and Wu, Xiaojun},
  booktitle={Network and Parallel Computing},
  pages={65--71},
  year={2005},
  publisher={Springer}
}

@inproceedings{yang2009adaptive,
  title={An Adaptive Resource Monitoring Method for Distributed Heterogeneous Computing Environment},
  author={Yang, Gang and Wang, Kaibo and Zhou, Xingshe},
  booktitle={Parallel and Distributed Processing with Applications, 2009 IEEE International Symposium on},
  pages={40--44},
  year={2009},
  organization={IEEE}
}

@inproceedings{yang2003mam,
  title={$MAM^{2}$: a novel mixed adaptive messaging middleware},
  author={Yang, Gang and Zhou, Xingshe and Wu, Xiaojun},
  booktitle={Machine Learning and Cybernetics, 2003 International Conference on},
  volume={3},
  pages={1910--1914},
  year={2003},
  organization={IEEE}
}

@article{G2002CorbaLB,
  title={基于 CORBA 的自适应负载均衡服务的研究},
  author={杨刚 and 周兴社 and others},
  journal={微电子学与计算机},
  volume={19},
  number={5},
  pages={22--24},
  year={2002}
}

@article{gang06threadpool,
  title={基于反馈的自适应线程池管理框架},
  author={杨刚 and 周兴社 and 潘惠芳},
  journal={计算机工程},
  volume={32},
  number={5},
  pages={65--67},
  year={2006}
}

@article{yang2016intelligent,
  title={Intelligent CPS: features and challenges},
  author={Yang, Gang and Zhou, Xingshe},
  journal={Science China Information Sciences},
  volume={59},
  number={5},
  pages={050102},
  year={2016},
  publisher={Springer},
  note = {SCI}
}

@inproceedings{Yang.2017,
 author = {Yang, Gang and Zhou, Xingshe and Lian, Yuanyuan},
 title = {Constraint-Based Consistency Checking for Multi-View Models of Cyber-Physical System},
 pages = {370--376},
 booktitle = {Software Quality, Reliability and Security Companion (QRS-C), 2017 IEEE International Conference on},
 year = {2017}
}


@patent{pat::CUDAParas,
 author = {杨刚，王严，杜三盛，张策},
 year = {2017},
 title = {一种基于Kepler架构的CUDA运行时参数透明优化方法},
 number = {ZL201410341238.0}
}


@patent{pat::contextdriv,
 author = {杨刚，杨亚磊，周兴社，王宇英，杜承烈，沈博},
 year = {2017年},
 title = {场景驱动CPS系统的结构模型与行为模型协同建模方法},
 organization = {西北工业大学},
 number = {ZL201310723207.7}
}


@patent{pat::addl2xml,
 author = {周兴社，孙中豪，杨刚，高荣，杨亚磊},
 year = {2017},
 title = {一种将AADL无损转换成XML的方法},
 organization = {西北工业大学},
 number = {ZL 2013 1 0529970.6}
}


@patent{pat::cpsadl2cps,
 author = {周兴社，拓名福，张凡，杨刚},
 year = {2017},
 title = {一种基于CPS-ADL模型向混合程序转换的CPS建模与验证方法},
 organization = {西北工业大学},
 number = {ZL 2013 1 0723208.1}
}


@patent{pat::fuzzyeva,
 author = {刚, 杨 and 策, 张 and 兴社, 周 and 三盛, 杜},
 year = {2017},
 title = {基于模糊决策的GPU负载综合评判方法},
 organization = {西北工业大学},
 number = {ZL201410341239.5}
}

